@article{Hashim2021,
author = {Hashim, Mohammed and A.Mahmood, Ali and Mohammed, Mohammed},
year = {2021},
month = {12},
pages = {2008-6822},
title = {A pixel contrast based medical image steganography to ensure and secure patient data},
volume = {12},
journal = {The International Journal of Nonlinear Analysis and Applications (IJNAA)},
doi = {10.22075/ijnaa.2021.5939}
}


@article{article2,
author = {Anbarasi, M. and Karthikeyani, V.},
year = {2009},
month = {06},
pages = {1-6},
title = {A Survey of Steganography and Steganalysis Techniques in Digital Images},
volume = {1},
journal = {International Journal of Computer Science & Information Security},
doi = {},
url = {https://ijcnc.com/ijnsa-1-3/},
}


@article{Maniriho2019,
author = {Maniriho, Pascal and Ahmad, Tohari},
year = {2019},
month = {07},
pages = {},
title = {Information Hiding Scheme for Digital Images Using Difference Expansion and Modulus Function},
volume = {31},
journal = {Journal of King Saud University - Computer and Information Sciences},
doi = {10.1016/j.jksuci.2018.01.011}
}

@article{rojali2015reversible,
title={Reversible Data Hiding Technique on Jpeg Image By Quad-Tree Segmentation and Histogram Shifting Method Based On Android},
author={Rojali and Salman, Afan},
journal={Procedia Computer Science},
volume={59},
pages={530--539},
year={2015},
month={December},
doi={10.1016/j.procs.2015.07.535}
}

@article{BaothmanEdhah+2021+903+919,
url = {https://doi.org/10.1515/jisys-2021-0044},
title = {Toward agent-based LSB image steganography system},
title = {},
author = {Fatmah Abdulrahman Baothman and Budoor Salem Edhah},
pages = {903--919},
volume = {30},
number = {1},
journal = {Journal of Intelligent Systems},
doi = {doi:10.1515/jisys-2021-0044},
year = {2021},
lastchecked = {2023-04-22}
}

@article{article,
author = {Do, Quang and Koo, Insoo},
year = {2017},
month = {09},
pages = {151-159},
title = {FPGA implementation of LSB-based steganography},
volume = {15},
journal = {Journal of Information and Communication Convergence Engineering},
doi = {10.6109/jicce.2017.15.3.151}
}

@misc{link,
  title = {Steganography: Hide Secret Data Inside Image or Audio File in Seconds},
  author = {WonderHowTo},
  year = {accessed on 2023-04-22},
  howpublished = {\url{https://shorturl.at/EJX25}},
}

@article{article1,
author = {Chauhan, Sapna and Singh, Gurpreet},
year = {2018},
month = {11},
pages = {321-326},
title = {Pixel value differencing based image steganography: a review},
volume = {9},
journal = {SN Computer Science},
doi = {10.1007/s13319-018-0188-5},
url = {https://link.springer.com/article/10.1007/s13319-018-0188-5}
}